<?xml version="1.0" encoding="UTF-8"?><collection xmlns="http://www.loc.gov/MARC21/slim"><record><leader>00450nam--2200133-i-4500</leader><controlfield tag="001">000001628</controlfield><controlfield tag="002">20161230</controlfield><controlfield tag="005">20161230201024</controlfield><controlfield tag="008">060222s1000------------r-----000-0-eng-d</controlfield><datafield ind1=" " ind2=" " tag="080"><subfield code="a">539.171.2(071.1: 539.124.6(047.1)</subfield></datafield><datafield ind1=" " ind2=" " tag="100"><subfield code="a">Frass, H., Read, B.J., Schildknecht, D</subfield></datafield><datafield ind1=" " ind2=" " tag="245"><subfield code="a">Off-diagonal generalized vector dominance and inelastic e-p scattering</subfield></datafield><datafield ind1=" " ind2=" " tag="260"><subfield code="a">Hamburg, Deutsches Elektronen-synchrotrone Desy, 1974. 12 P. + 4 P.Fig</subfield></datafield><datafield ind1=" " ind2=" " tag="852"><subfield code="a">41699</subfield></datafield></record></collection>